@online{SocketvsHTTP,
    author = "David Luecke",
    title = "{HTTP vs Websockets: A performance comparison}",
    journal = "",
    volume = "",
    number = "",
    pages = "",
    year = "2018",
    DOI = "https://blog.feathersjs.com/http-vs-websockets-a-performance-comparison-da2533f13a77",
    keywords = "SocketvsHTTP"
}

@online{NASA_patents,
    title = "{NASA Technology Transfer Program - Patent Portfolio}",
    journal = "",
    volume = "",
    number = "",
    pages = "",
    year = "2021",
    DOI = "https://technology.nasa.gov/hot100/",
    keywords = "NASA_patents"
}

@online{ISRO_patents,
    title = "{ISRO Technology Transfer Patent}",
    journal = "",
    volume = "",
    number = "",
    pages = "",
    year = "2021",
    DOI = "https://www.isro.gov.in/isro-technology-transfer/patent",
    keywords = "ISRO_patents"
}

@online{Energy_constant_current,
    title = "{Battery Charging Methods \& Terminology}",
    journal = "",
    volume = "Helios Power Solutions",
    number = "",
    pages = "",
    year = "2021",
    DOI = "https://www.heliosps.com/knowledgebase/battery-charging-methods-terminology/",
    keywords = "Energy_constant_current"
}

@online{PV_MPPT,
    author = "{P. Clemow}",
    title = "{Current through PV panels}",
    year = "2021",
    DOI = "https://piazza.com/class/koiow33gz3578w?cid=277",
    keywords = "PV_MPPT"
}

@manual{PV_current,
      title        = "Photovoltaic Energy",
      author       = "{T. Green}",
      organization = "Electronic and Electrical Engineering, Imperial College London",
      address      = "London, United Kingdom",
      year         = 2021
}

